@book{jazwinski2007stochastic,
  title={Stochastic processes and filtering theory},
  author={Jazwinski, Andrew H},
  year={2007},
  publisher={Courier Corporation}
}

@article{papamakarios2021normalizing,
  title={Normalizing flows for probabilistic modeling and inference},
  author={Papamakarios, George and Nalisnick, Eric and Rezende, Danilo Jimenez and Mohamed, Shakir and Lakshminarayanan, Balaji},
  journal={The Journal of Machine Learning Research},
  volume={22},
  number={1},
  pages={2617--2680},
  year={2021},
  publisher={JMLRORG}
}

@inproceedings{chen2018neural,
 author = {Chen, Ricky T. Q. and Rubanova, Yulia and Bettencourt, Jesse and Duvenaud, David K},
 booktitle = {Advances in Neural Information Processing Systems},
 publisher = {Curran Associates, Inc.},
 title = {Neural Ordinary Differential Equations},
 address={Montreal, Canada},
 pages={6571--6584},
 volume = {31},
 year = {2018}
}

@article{massaroli2020dissecting,
  title={Dissecting Neural Odes},
  author={Massaroli, Stefano and Poli, Michael and Park, Jinkyoo and Yamashita, Atsushi and Asama, Hajime},
  journal={Advances in Neural Information Processing Systems},
  volume={33},
  pages={3952--3963},
  year={2020}, 
  address={held virtually}
}

@inproceedings{onken2021ot,
  title={{OT}-flow: Fast and accurate continuous normalizing flows via optimal transport},
  author={Onken, Derek and Fung, Samy Wu and Li, Xingjian and Ruthotto, Lars},
  booktitle={Proceedings of the AAAI Conference on Artificial Intelligence},
  volume={35},
  pages={9223--9232},
  year={2021},
  address={held virtually}
}

@inproceedings{liu2022deep,
 author = {Liu, Guan-Horng and Chen, Tianrong and So, Oswin and Theodorou, Evangelos},
 booktitle = {Advances in Neural Information Processing Systems},
 address={Louisiana, LA},
 pages = {9374--9388},
 publisher = {Curran Associates, Inc.},
 title = {Deep Generalized {Schr\"odinger} Bridge},
 volume = {35},
 year = {2022}
}

@inproceedings{liu2024generalized,
  title={{Generalized Schr{\"o}dinger bridge matching}},
  author={Liu, Guan-Horng and Lipman, Yaron and Nickel, Maximilian and Karrer, Brian and Theodorou, Evangelos A and Chen, Ricky TQ},
  booktitle={International Conference on Learning Representations},
  year={2024},
  address={Vienna, Austria}
}


@inproceedings{chen2022likelihood,
  title={Likelihood Training of {Schr{\"o}dinger} Bridge using Forward-Backward {SDEs} Theory},
  author={Chen, Tianrong and Liu, Guan-Horng and Theodorou, Evangelos A},
  booktitle={International Conference on Learning Representations},
  year={2022}, 
  month={April},
  address={held virtually}
}

@article{ruthotto2020machine,
  title={A machine learning framework for solving high-dimensional mean field game and mean field control problems},
  author={Ruthotto, Lars and Osher, Stanley J and Li, Wuchen and Nurbekyan, Levon and Fung, Samy Wu},
  journal={Proceedings of the National Academy of Sciences},
  volume={117},
  number={17},
  pages={9183--9193},
  year={2020},
  publisher={National Acad Sciences}
}

@inproceedings{arjovsky2017wasserstein,
  title={Wasserstein generative adversarial networks},
  author={Arjovsky, Martin and Chintala, Soumith and Bottou, L{\'e}on},
  booktitle={International Conference on Machine Learning},
  pages={214--223},
  year={2017},
  address={Sydney, {Australia}},
  organization={PMLR}
}

@article{kingma2019introduction,
  title={An introduction to variational autoencoders},
  author={Kingma, Diederik P and Welling, Max and others},
  journal={Foundations and Trends{\textregistered} in Machine Learning},
  volume={12},
  number={4},
  pages={307--392},
  year={2019},
  publisher={Now Publishers, Inc.}
}

@article{ruthotto2021introduction,
  title={An introduction to deep generative modeling},
  author={Ruthotto, Lars and Haber, Eldad},
  journal={GAMM-Mitteilungen},
  volume={44},
  number={2},
  pages={e202100008},
  year={2021},
  publisher={Wiley Online Library}
}

@book{oksendal2013stochastic,
  title={Stochastic differential equations: an introduction with applications},
  author={Oksendal, Bernt},
  year={2013},
  publisher={Springer Science \& Business Media}
}

@article{huang2021variational,
  title={A variational perspective on diffusion-based generative models and score matching},
  author={Huang, Chin-Wei and Lim, Jae Hyun and Courville, Aaron C},
  journal={Advances in Neural Information Processing Systems},
  volume={34},
  pages={22863--22876},
  year={2021},
  address={held virtually}
}

@inproceedings{song2020score,
  title={Score-Based Generative Modeling through Stochastic Differential Equations},
  author={Yang Song and Jascha Sohl-Dickstein and Diederik P Kingma and Abhishek Kumar and Stefano Ermon and Ben Poole},
  booktitle={International Conference on Learning Representations},
  year={2021},
  address={held virtually},
  url={https://openreview.net/forum?id=PxTIG12RRHS}
}

@article{exarchos2018stochastic,
  title={Stochastic optimal control via forward and backward stochastic differential equations and importance sampling},
  author={Exarchos, Ioannis and Theodorou, Evangelos A},
  journal={Automatica},
  volume={87},
  pages={159--165},
  year={2018},
  publisher={Elsevier}
}

@article{sridharan2002gentle,
  title={A gentle introduction to concentration inequalities},
  author={Sridharan, Karthik},
  journal={Dept. Comput. Sci., Cornell Univ., Tech. Rep},
  year={2002}
}

@inproceedings{behrmann2019invertible,
  title={Invertible residual networks},
  author={Behrmann, Jens and Grathwohl, Will and Chen, Ricky TQ and Duvenaud, David and Jacobsen, J{\"o}rn-Henrik},
  booktitle={International Conference on Machine Learning},
  pages={573--582},
  year={2019},
  organization={PMLR}
}

@inproceedings{huang2020convex,
  title={Convex Potential Flows: Universal Probability Distributions with Optimal Transport and Convex Optimization},
  author={Huang, Chin-Wei and Chen, Ricky TQ and Tsirigotis, Christos and Courville, Aaron},
  booktitle={International Conference on Learning Representations},
  year={2020}, 
  month={April},
  address={held virtually}
}

@inproceedings{amos2017input,
  title={Input convex neural networks},
  author={Amos, Brandon and Xu, Lei and Kolter, J Zico},
  booktitle={International Conference on Machine Learning},
  pages={146--155},
  year={2017},
  address={Sydney, Australia},
  organization={PMLR}
}

@article{beck2020overview,
  title={An overview on deep learning-based approximation methods for partial differential equations},
  author={Beck, Christian and Hutzenthaler, Martin and Jentzen, Arnulf and Kuckuck, Benno},
  journal={arXiv preprint arXiv:2012.12348},
  year={2020}
}

@inproceedings{lipman2022flow,
title={Flow Matching for Generative Modeling},
author={Yaron Lipman and Ricky T. Q. Chen and Heli Ben-Hamu and Maximilian Nickel and Matthew Le},
booktitle={International Conference on Learning Representations},
address={Kigali Rwanda},
month={May},
year={2023},
url={https://openreview.net/forum?id=PqvMRDCJT9t}
}

@inproceedings{liu2022flow,
  title={Flow Straight and Fast: Learning to Generate and Transfer Data with Rectified Flow},
  author={Liu, Xingchao and Gong, Chengyue and others},
  booktitle={International Conference on Learning Representations},
  address={Kigali Rwanda},
  month={May},
  year={2023}
}

@article{liu2022optimal,
  title={Optimal covariance steering for discrete-time linear stochastic systems},
  author={Liu, Fengjiao and Rapakoulias, George and Tsiotras, Panagiotis},
  journal={arXiv preprint arXiv:2211.00618},
  year={2022}
}

@INPROCEEDINGS{rapakoulias2023discrete,
  author={Rapakoulias, George and Tsiotras, Panagiotis},
  booktitle={62nd Conference on Decision and Control}, 
  title={Discrete-Time Optimal Covariance Steering via Semidefinite Programming}, 
  year={2023},
  volume={},
  address={Singapore},
  pages={1802-1807},
  keywords={Linear systems;Probabilistic logic;Boundary conditions;Convex functions},
  doi={10.1109/CDC49753.2023.10384118}}

@article{chen2015optimal,
  title={Optimal Steering of a Linear Stochastic System to a Final Probability Distribution, Part {I}},
  author={Chen, Yongxin and Georgiou, Tryphon T and Pavon, Michele},
  journal={Transactions on Automatic Control},
  volume={61},
  number={5},
  pages={1158--1169},
  year={2015},
  publisher={IEEE}
}

@article{okamoto2018optimal,
  title={Optimal covariance control for stochastic systems under chance constraints},
  author={Okamoto, Kazuhide and Goldshtein, Maxim and Tsiotras, Panagiotis},
  journal={Control Systems Letters},
  volume={2},
  number={2},
  pages={266--271},
  year={2018},
  publisher={IEEE}
}

@inproceedings{berg2018sylvester,
  title={Sylvester normalizing flows for variational inference},
  author={Van Den Berg, Rianne and Hasenclever, Leonard and Tomczak, Jakub M and Welling, Max},
  booktitle={34th Conference on Uncertainty in Artificial Intelligence},
  pages={393--402},
  year={2018},
  address={Monterey, CA},
  organization={Association For Uncertainty in Artificial Intelligence (AUAI)}
}

@article{chen2016optimal,
  title={Optimal transport over a linear dynamical system},
  author={Chen, Yongxin and Georgiou, Tryphon T and Pavon, Michele},
  journal={Transactions on Automatic Control},
  volume={62},
  number={5},
  pages={2137--2152},
  year={2016},
  publisher={IEEE}
}

@article{chen2015optimal2,
  title={Optimal steering of a linear stochastic system to a final probability distribution, Part {II}},
  author={Chen, Yongxin and Georgiou, Tryphon T and Pavon, Michele},
  journal={Transactions on Automatic Control},
  volume={61},
  number={5},
  pages={1170--1180},
  year={2015},
  publisher={IEEE}
}

@article{balci2022exact,
  title={Exact {SDP} formulation for discrete-time covariance steering with {Wasserstein} terminal cost},
  author={Balci, Isin M and Bakolas, Efstathios},
  journal={arXiv preprint arXiv:2205.10740},
  year={2022}
}

@article{onken2022neural,
  title={A neural network approach for high-dimensional optimal control applied to multiagent path finding},
  author={Onken, Derek and Nurbekyan, Levon and Li, Xingjian and Fung, Samy Wu and Osher, Stanley and Ruthotto, Lars},
  journal={Transactions on Control Systems Technology},
  publisher={IEEE},
  volume={31},
  number={1},
  pages={235--251},
  year={2022},
}

@inproceedings{renganathan2023distributionally,
  author={Renganathan, Venkatraman and Pilipovsky, Joshua and Tsiotras, Panagiotis},
  booktitle={American Control Conference}, 
  title={Distributionally Robust Covariance Steering with Optimal Risk Allocation},
  year={2023},
  address={Philadelphia, PA},
  number={},
  pages={2607-2614},
  keywords={Uncertainty;Stochastic systems;Numerical simulation;Robustness;Resource management;Iterative methods;Lenses},
  doi={10.23919/ACC55779.2023.10156030}}

@article{bakolas2018finite,
  title={Finite-horizon covariance control for discrete-time stochastic linear systems subject to input constraints},
  author={Bakolas, Efstathios},
  journal={Automatica},
  volume={91},
  pages={61--68},
  year={2018},
  publisher={Elsevier}
}

@article{caluya2021wasserstein,
  title={Wasserstein proximal algorithms for the {Schr\"odinger} bridge problem: Density control with nonlinear drift},
  author={Caluya, Kenneth F and Halder, Abhishek},
  journal={Transactions on Automatic Control},
  volume={67},
  number={3},
  pages={1163--1178},
  year={2021},
  publisher={IEEE}
}

@inproceedings{ridderhof2020chance,
  title={Chance-constrained covariance control for low-thrust minimum-fuel trajectory optimization},
  author={Ridderhof, Jack and Pilipovsky, Joshua and Tsiotras, Panagiotis},
  booktitle={2020 AAS/AIAA Astrodynamics Specialist Conference},
  pages={9--13},
  year={2020}
}

@article{balci2023density,
  title={Density Steering of Gaussian Mixture Models for Discrete-Time Linear Systems},
  author={Balci, Isin and Bakolas, Efstathios},
  journal={arXiv preprint arXiv:2311.08500},
  year={2023}
}

@misc{aps2020mosek,
  title={Mosek modeling cookbook},
  author={Mosek, ApS},
  year={2020}
}

@book{peyre2017computational,
  author={Peyré, Gabriel and Cuturi, Marco},
  title={Computational Optimal Transport: With Applications to Data Science},
  year={2019},
  volume={},
  publisher={Foundations and Trends in Machine Learning},
  number={},
  pages={},
  keywords={},
  doi={10.1561/2200000073}}

@inproceedings{miyato2018spectral,
  title={Spectral Normalization for Generative Adversarial Networks},
  author={Miyato, Takeru and Kataoka, Toshiki and Koyama, Masanori and Yoshida, Yuichi},
  booktitle={International Conference on Learning Representations},
  address={Vancouver, Canada},
  month={April},
  year={2018}
}

@inproceedings{gulrajani2017improved,
 author = {Gulrajani, Ishaan and Ahmed, Faruk and Arjovsky, Martin and Dumoulin, Vincent and Courville, Aaron C},
 booktitle = {Advances in Neural Information Processing Systems},
 publisher = {Curran Associates, Inc.},
 title = {Improved Training of {Wasserstein GANs}},
 address={Long Beach, CA},
 volume = {30},
 year = {2017}
}

@inproceedings{loshchilov2017decoupled,
  title={Decoupled Weight Decay Regularization},
  author={Loshchilov, Ilya and Hutter, Frank},
  booktitle={International Conference on Learning Representations},
  address={Vancouver, Canada},
  month={April},
  year={2018}
}

@inproceedings{paszke2019pytorch,
  title={Pytorch: An imperative style, high-performance deep learning library},
  author={Paszke, Adam and Gross, Sam and Massa, Francisco and Lerer, Adam and Bradbury, James and Chanan, Gregory and Killeen, Trevor and Lin, Zeming and Gimelshein, Natalia and Antiga, Luca and others},
  booktitle={Advances in Neural Information Processing Systems},
  volume={32},
  year={2019}, 
  address={Vancouver, Canada}
}

@article{zinkevich2010parallelized,
  title={Parallelized stochastic gradient descent},
  author={Zinkevich, Martin and Weimer, Markus and Li, Lihong and Smola, Alex},
  journal={Advances in Neural Information Processing Systems},
  volume={23},
  year={2010}
}

@article{pilipovsky2023computationally,
  title={Computationally Efficient Chance Constrained Covariance Control with Output Feedback},
  author={Pilipovsky, Joshua and Tsiotras, Panagiotis},
  journal={arXiv preprint arXiv:2310.02485},
  year={2023}
}

@article{chen2023density,
  author={Chen, Yongxin},
  journal={Transactions on Automatic Control}, 
  title={Density Control of Interacting Agent Systems}, 
  year={2024},
  volume={69},
  number={1},
  pages={246-260},
  publisher={IEEE},
  doi={10.1109/TAC.2023.3271226}
}

@article{caluya2019finite,
  title={Finite horizon density control for static state feedback linearizable systems},
  author={Caluya, Kenneth F and Halder, Abhishek},
  journal={arXiv preprint arXiv:1904.02272},
  year={2019}
}

@inproceedings{caluya2020finite,
  title={Finite horizon density steering for multi-input state feedback linearizable systems},
  author={Caluya, Kenneth F and Halder, Abhishek},
  booktitle={American Control Conference},
  pages={3577--3582},
  year={2020},
  organization={IEEE}
}

@article{ho2020denoising,
  title={Denoising diffusion probabilistic models},
  author={Ho, Jonathan and Jain, Ajay and Abbeel, Pieter},
  journal={Advances in Neural Information Processing Systems},
  volume={33},
  pages={6840--6851},
  year={2020}
}

@book{bernstein2009matrix,
  title={{Matrix Mathematics: Theory, Facts, and Formulas}},
  author={Bernstein, Dennis S},
  year={2009},
  publisher={Princeton University Press}
}

@article{saravanos2022distributed,
  title={Distributed model predictive covariance steering},
  author={Saravanos, Augustinos D and Balci, Isin M and Bakolas, Efstathios and Theodorou, Evangelos A},
  journal={arXiv preprint arXiv:2212.00398},
  year={2022}
}

@inproceedings{saravanos2023distributed,
  title={Distributed Hierarchical Distribution Control for Very-Large-Scale Clustered Multi-Agent Systems},
  author={Saravanos, Augustinos D and Li, Yihui and Theodorou, Evangelos A},
  booktitle={Robotics: Science and Systems XIX},
  address={Daegu, Republic of Korea},
  month={July},
  year={2023}
}


@article{wu2023general,
  title={General Distribution Steering: A Sub-Optimal Solution by Convex Optimization},
  author={Wu, Guangyu and Lindquist, Anders},
  journal={arXiv preprint arXiv:2301.06227},
  year={2023}
}

@article{knaup2023safe,
  author={Knaup, Jacob and Okamoto, Kazuhide and Tsiotras, Panagiotis},
  journal={Transactions on Control Systems Technology}, 
  title={Safe High-Performance Autonomous Off-Road Driving Using Covariance Steering Stochastic Model Predictive Control}, 
  year={2023},
  publisher={IEEE},
  volume={31},
  number={5},
  pages={2066-2081},
  doi={10.1109/TCST.2023.3291570}}

@article{chen2016relation,
  title={On the relation between optimal transport and {Schr\"odinger} bridges: A stochastic control viewpoint},
  author={Chen, Yongxin and Georgiou, Tryphon T and Pavon, Michele},
  journal={Journal of Optimization Theory and Applications},
  volume={169},
  pages={671--691},
  year={2016},
  publisher={Springer}
}

@article{de2021diffusion,
  title={Diffusion {Schr\"odinger} bridge with applications to score-based generative modeling},
  author={De Bortoli, Valentin and Thornton, James and Heng, Jeremy and Doucet, Arnaud},
  journal={Advances in Neural Information Processing Systems},
  volume={34},
  pages={17695--17709},
  year={2021},
  address={held virtually}
}


@article{haber2017stable,
  title={Stable architectures for deep neural networks},
  author={Haber, Eldad and Ruthotto, Lars},
  journal={Inverse Problems},
  volume={34},
  number={1},
  pages={014004},
  year={2017},
  publisher={IOP Publishing}
}

@inproceedings{he2016deep,
  title={Deep residual learning for image recognition},
  author={He, Kaiming and Zhang, Xiangyu and Ren, Shaoqing and Sun, Jian},
  booktitle={Proceedings of the IEEE Conference on Computer Vision and Pattern Recognition},
  pages={770--778},
  year={2016}
}

@article{duchi2007derivations,
  title={Derivations for linear algebra and optimization},
  author={Duchi, John},
  journal={Berkeley, California},
  volume={3},
  number={1},
  pages={2325--5870},
  year={2007}
}

@inproceedings{pilipovsky2023probabilistic,
  title={Probabilistic verification of ReLU neural networks via characteristic functions},
  author={Pilipovsky, Joshua and Sivaramakrishnan, Vignesh and Oishi, Meeko and Tsiotras, Panagiotis},
  booktitle={Learning for Dynamics and Control Conference},
  address={Philadelphia, PA},
  pages={966--979},
  year={2023},
  organization={PMLR}
}

@inproceedings{sivaramakrishnan2022distribution,
  title={Distribution steering for discrete-time linear systems with general disturbances using characteristic functions},
  author={Sivaramakrishnan, Vignesh and Pilipovsky, Joshua and Oishi, Meeko and Tsiotras, Panagiotis},
  booktitle={American Control Conference},
  pages={4183--4190},
  address={Atlanta, GA},
  year={2022},
}

@article{chen2021controlling,
  title={Controlling uncertainty},
  author={Chen, Yongxin and Georgiou, Tryphon T and Pavon, Michele},
  journal={Control Systems Magazine},
  volume={41},
  number={4},
  pages={82--94},
  year={2021},
  publisher={IEEE}
}

@article{chen2021stochastic,
  title={Stochastic control liaisons: 
      {Richard Sinkhorn} meets {Gaspard Monge} on a {Schr\"odinger} bridge},
  author={Chen, Yongxin and Georgiou, Tryphon T and Pavon, Michele},
  journal={SIAM Review},
  volume={63},
  number={2},
  pages={249--313},
  year={2021},
  publisher={SIAM}
}

@phdthesis{bakshi2019large,
  title={LARGE SCALE STOCHASTIC CONTROL: ALGORITHMS, OPTIMALITY AND STABILITY},
  author={Bakshi, Kaivalya},
  year={2019},
  school={Georgia Institute of Technology}
}

@article{bakshi2020schrodinger,
  title={{Schr{\"o}dinger} approach to optimal control of large-size populations},
  author={Bakshi, Kaivalya and Fan, David D and Theodorou, Evangelos A},
  journal={IEEE Transactions on Automatic Control},
  volume={66},
  number={5},
  pages={2372--2378},
  year={2020},
  publisher={IEEE}
}

@article{chen2021optimal,
  title={Optimal transport in systems and control},
  author={Chen, Yongxin and Georgiou, Tryphon T and Pavon, Michele},
  journal={Annual Review of Control, Robotics, and Autonomous Systems},
  volume={4},
  pages={89--113},
  year={2021},
  publisher={Annual Reviews}
}

@article{grigoriadis1997minimum,
  title={Minimum-energy covariance controllers},
  author={Grigoriadis, Karolos M and Skelton, Robert E},
  journal={Automatica},
  volume={33},
  number={4},
  pages={569--578},
  year={1997},
  publisher={Elsevier}
}

@article{hotz1987covariance,
  title={Covariance control theory},
  author={Hotz, Anthony and Skelton, Robert E},
  journal={International Journal of Control},
  volume={46},
  number={1},
  pages={13--32},
  year={1987},
  month = jul,
  publisher={Taylor \& Francis}
}

@article{ocon2022neural,
  title={Neural-fly enables rapid learning for agile flight in strong winds},
  author={O’Connell, Michael and Shi, Guanya and Shi, Xichen and Azizzadenesheli, Kamyar and Anandkumar, Anima and Yue, Yisong and Chung, Soon-Jo},
  journal={Science Robotics},
  volume={7},
  number={66},
  pages={eabm6597},
  year={2022},
  publisher={American Association for the Advancement of Science}
}


@inproceedings{fotiadis2023physics,
  title={A Physics-Informed Neural Networks Framework to Solve the Infinite-Horizon Optimal Control Problem},
  author={Fotiadis, Filippos and Vamvoudakis, Kyriakos G},
  booktitle={Conference on Decision and Control},
  pages={6014--6019},
  year={2023},
  address={Singapore},
  month={December},
  organization={IEEE}
}

@article{leonard2016lazy,
  title={Lazy random walks and optimal transport on graphs},
  author={L{\'e}onard, Christian},
  journal={Annals of Probability},
  volume={44},
  number={3},
  pages={1864--1975},
  year={2016}
}

@inproceedings{hussain2019study,
  title={A study on CNN transfer learning for image classification},
  author={Hussain, Mahbub and Bird, Jordan J and Faria, Diego R},
  booktitle={Advances in Computational Intelligence Systems: Contributions Presented at the 18th UK Workshop on Computational Intelligence, September 5-7, 2018, Nottingham, UK},
  pages={191--202},
  year={2019},
  organization={Springer}
}

@article{tong2023improving,
  title={Improving and generalizing flow-based generative models with minibatch optimal transport},
  author={Tong, Alexander and Malkin, Nikolay and Huguet, Guillaume and Zhang, Yanlei and Rector-Brooks, Jarrid and Fatras, Kilian and Wolf, Guy and Bengio, Yoshua},
  journal={arXiv preprint arXiv:2302.00482},
  year={2023}
}

@article{tong2023simulation,
  title={Simulation-free Schr$\backslash$" odinger bridges via score and flow matching},
  author={Tong, Alexander and Malkin, Nikolay and Fatras, Kilian and Atanackovic, Lazar and Zhang, Yanlei and Huguet, Guillaume and Wolf, Guy and Bengio, Yoshua},
  journal={arXiv preprint arXiv:2307.03672},
  year={2023}
}

@book{sarkka2019applied,
  title={Applied stochastic differential equations},
  author={S{\"a}rkk{\"a}, Simo and Solin, Arno},
  volume={10},
  year={2019},
  publisher={Cambridge University Press}
}

@article{follmer1988random,
  title={Random fields and diffusion processes},
  author={F{\"o}llmer, Hans},
  journal={Lect. Notes Math},
  volume={1362},
  pages={101--204},
  year={1988}
}

@article{shi2023diffusion,
  title={Diffusion {Schr{\"o}dinger} bridge matching},
  author={Shi, Yuyang and De Bortoli, Valentin and Campbell, Andrew and Doucet, Arnaud},
  journal={Advances in Neural Information Processing Systems},
  volume={36},
  year={2023}
}

@article{chen2016entropic,
  title={Entropic and displacement interpolation: a computational approach using the Hilbert metric},
  author={Chen, Yongxin and Georgiou, Tryphon and Pavon, Michele},
  journal={SIAM Journal on Applied Mathematics},
  volume={76},
  number={6},
  pages={2375--2396},
  year={2016},
  publisher={SIAM}
}

@article{pavon2021data,
  title={The Data-Driven Schr{\"o}dinger Bridge},
  author={Pavon, Michele and Trigila, Giulio and Tabak, Esteban G},
  journal={Communications on Pure and Applied Mathematics},
  volume={74},
  number={7},
  pages={1545--1573},
  year={2021},
  publisher={Wiley Online Library}
}

@inproceedings{
korotin2024light,
title={Light {Schr\"odinger} Bridge},
author={Alexander Korotin and Nikita Gushchin and Evgeny Burnaev},
booktitle={The Twelfth International Conference on Learning Representations},
year={2024},
url={https://openreview.net/forum?id=WhZoCLRWYJ}
}

@article{leonard2014survey,
  title={A survey of the {Schr{\"o}dinger} problem and some of its connections with optimal transport},
  author={L{\'e}onard, Christian},
  journal={Discrete \& Continuous Dynamical Systems-A},
  volume={34},
  number={4},
  pages={1533--1574},
  year={2014},
  publisher={American Institute of Mathematical Sciences (AIMS)}
}

@inproceedings{bunne2023schrodinger,
  title={The schr{\"o}dinger bridge between gaussian measures has a closed form},
  author={Bunne, Charlotte and Hsieh, Ya-Ping and Cuturi, Marco and Krause, Andreas},
  booktitle={International Conference on Artificial Intelligence and Statistics},
  pages={5802--5833},
  year={2023},
  organization={PMLR}
}

@article{fortet1940resolution,
  title={R{\'e}solution d'un syst{\`e}me d'{\'e}quations de M. Schr{\"o}dinger},
  author={Fortet, Robert},
  journal={Journal de Math{\'e}matiques Pures et Appliqu{\'e}es},
  volume={19},
  number={1-4},
  pages={83--105},
  year={1940}
}

@InProceedings{bunne22proximal,
  title = 	 { Proximal Optimal Transport Modeling of Population Dynamics },
  author =       {Bunne, Charlotte and Papaxanthos, Laetitia and Krause, Andreas and Cuturi, Marco},
  booktitle = 	 {Proceedings of The 25th International Conference on Artificial Intelligence and Statistics},
  pages = 	 {6511--6528},
  year = 	 {2022},
  volume = 	 {151},
  series = 	 {Proceedings of Machine Learning Research},
  month = 	 {28--30 Mar},
  publisher =    {PMLR}
}


@InProceedings{tong2020trajectory,
  title = 	 {{T}rajectory{N}et: A Dynamic Optimal Transport Network for Modeling Cellular Dynamics},
  author =       {Tong, Alexander and Huang, Jessie and Wolf, Guy and Van Dijk, David and Krishnaswamy, Smita},
  booktitle = 	 {Proceedings of the 37th International Conference on Machine Learning},
  pages = 	 {9526--9536},
  year = 	 {2020},
  volume = 	 {119},
  series = 	 {Proceedings of Machine Learning Research},
  month = 	 {13--18 Jul},
  publisher =    {PMLR}
}

@InProceedings{gushchin24light,
  title = 	 {Light and Optimal Schr{\o}dinger Bridge Matching},
  author =       {Gushchin, Nikita and Kholkin, Sergei and Burnaev, Evgeny and Korotin, Alexander},
  booktitle = 	 {Proceedings of the 41st International Conference on Machine Learning},
  pages = 	 {17100--17122},
  year = 	 {2024},
  editor = 	 {Salakhutdinov, Ruslan and Kolter, Zico and Heller, Katherine and Weller, Adrian and Oliver, Nuria and Scarlett, Jonathan and Berkenkamp, Felix},
  volume = 	 {235},
  series = 	 {Proceedings of Machine Learning Research},
  month = 	 {21--27 Jul},
  publisher =    {PMLR}
}

@article{vandenberghe1996semidefinite,
  title={Semidefinite programming},
  author={Vandenberghe, Lieven and Boyd, Stephen},
  journal={SIAM review},
  volume={38},
  number={1},
  pages={49--95},
  year={1996},
  publisher={SIAM}
}

@article{terpin2024dynamic,
author = {Terpin, Antonio and Lanzetti, Nicolas and D\"{o}rfler, Florian},
title = {Dynamic Programming in Probability Spaces via Optimal Transport},
journal = {SIAM Journal on Control and Optimization},
volume = {62},
number = {2},
pages = {1183-1206},
year = {2024},
doi = {10.1137/23M1560902}
}


@inproceedings{pidhorskyi2020adversarial,
  title={Adversarial latent autoencoders},
  author={Pidhorskyi, Stanislav and Adjeroh, Donald A and Doretto, Gianfranco},
  booktitle={Proceedings of the IEEE/CVF Conference on Computer Vision and Pattern Recognition},
  pages={14104--14113},
  year={June 2020},
  address={Seattle, Washington}
}

@inproceedings{karras2019style,
  title={A style-based generator architecture for generative adversarial networks},
  author={Karras, Tero and Laine, Samuli and Aila, Timo},
  booktitle={Proceedings of the IEEE/CVF conference on computer vision and pattern recognition},
  pages={4401--4410},
  year={2019}
}

@article{pedregosa2011scikit,
  title={Scikit-learn: Machine learning in Python},
  author={Pedregosa, Fabian and Varoquaux, Ga{\"e}l and Gramfort, Alexandre and Michel, Vincent and Thirion, Bertrand and Grisel, Olivier and Blondel, Mathieu and Prettenhofer, Peter and Weiss, Ron and Dubourg, Vincent and others},
  journal={the Journal of machine Learning research},
  volume={12},
  pages={2825--2830},
  year={2011},
  publisher={JMLR. org}
}

@article{gushchin2023building,
  title={Building the bridge of schr{\"o}dinger: A continuous entropic optimal transport benchmark},
  author={Gushchin, Nikita and Kolesov, Alexander and Mokrov, Petr and Karpikova, Polina and Spiridonov, Andrei and Burnaev, Evgeny and Korotin, Alexander},
  journal={Advances in Neural Information Processing Systems},
  volume={36},
  address={New Orleans, USA}, 
  pages={18932--18963},
  year={2023}
}

@book{wheeden1977measure,
  title={Measure and integral},
  author={Wheeden, Richard Lee and Zygmund, Antoni},
  volume={26},
  year={1977},
  publisher={Dekker New York}
}

@inproceedings{albergo2023building,
  title={Building Normalizing Flows with Stochastic Interpolants},
  author={Albergo, Michael and Vanden-Eijnden, Eric},
  booktitle={International Conference on Learning Representations},
  address={Kigali Rwanda},
  month={May},
  year={2023}
}

@article{chen2018optimal,
  title={Optimal transport for Gaussian mixture models},
  author={Chen, Yongxin and Georgiou, Tryphon T and Tannenbaum, Allen},
  journal={IEEE Access},
  volume={7},
  pages={6269--6278},
  year={2018},
  publisher={IEEE}
}

@article{benamou2000computational,
  title={A computational fluid mechanics solution to the Monge-Kantorovich mass transfer problem},
  author={Benamou, Jean-David and Brenier, Yann},
  journal={Numerische Mathematik},
  volume={84},
  number={3},
  pages={375--393},
  year={2000},
  publisher={Springer-Verlag Berlin/Heidelberg}
}

@article{peluchetti2023diffusion,
  title={Diffusion bridge mixture transports, Schr{\"o}dinger bridge problems and generative modeling},
  author={Peluchetti, Stefano},
  journal={Journal of Machine Learning Research},
  volume={24},
  number={374},
  pages={1--51},
  year={2023}
}

@article{peluchetti2021non,
  title={Non-denoising forward-time diffusions},
  author={Peluchetti, Stefano},
  journal={arXiv preprint arXiv:2312.14589},
  year={2021}
}

@article{brigo2002general,
  title={The General Mixture Diffusion Sde and its Relationship with an Uncertain-Volatility Option Model with Volatility-Asset Decorrelation},
  author={Brigo, Damiano},
  journal={Available at SSRN 455060},
  year={2002}
}

@misc{brigo2002lognormal,
  title={Lognormal-mixture dynamics under different means},
  author={Brigo, Damiano and Mercurio, Fabio and Sartorelli, Giulio},
  journal={Working Paper, Produdct and Business Development Group, Banca IMI},
  year={2002}
}

@book{bishop2006pattern,
  title={Pattern recognition and machine learning},
  author={Bishop, Christopher M and Nasrabadi, Nasser M},
  volume={4},
  year={2006},
  publisher={Springer}
}

@article{dai1991stochastic,
  title={A stochastic control approach to reciprocal diffusion processes},
  author={Dai Pra, Paolo},
  journal={Applied mathematics and Optimization},
  volume={23},
  number={1},
  pages={313--329},
  year={1991},
  publisher={Springer}
}

@article{flamary2021pot,
  title={Pot: Python optimal transport},
  author={Flamary, R{\'e}mi and Courty, Nicolas and Gramfort, Alexandre and Alaya, Mokhtar Z and Boisbunon, Aur{\'e}lie and Chambon, Stanislas and Chapel, Laetitia and Corenflos, Adrien and Fatras, Kilian and Fournier, Nemo and others},
  journal={Journal of Machine Learning Research},
  volume={22},
  number={78},
  pages={1--8},
  year={2021}
}

@article{rapakoulias2024discrete,
  title={Discrete-Time Maximum Likelihood Neural Distribution Steering},
  author={Rapakoulias, George and Tsiotras, Panagiotis},
  journal={arXiv preprint arXiv:2409.02272},
  year={2024}
}

@article{merikosky1984on,
title = {On the trace and the sum of elements of a matrix},
journal = {Linear Algebra and its Applications},
volume = {60},
pages = {177-185},
year = {1984},
issn = {0024-3795},
doi = {https://doi.org/10.1016/0024-3795(84)90078-8},
url = {https://www.sciencedirect.com/science/article/pii/0024379584900788},
author = {Jorma Kaarlo Merikoski}
}

@article{hendrycks2016gaussian,
  title={Gaussian error linear units (gelus)},
  author={Hendrycks, Dan and Gimpel, Kevin},
  journal={arXiv preprint arXiv:1606.08415},
  year={2016}
}

@article{liu2024reachability,
  title={Reachability and Controllability Analysis of the State Covariance for Linear Stochastic Systems},
  author={Liu, Fengjiao and Tsiotras, Panagiotis},
  journal={arXiv preprint arXiv:2406.14740},
  year={2024}
}

@article{bensoussan2016linear,
  title={Linear-quadratic mean field games},
  author={Bensoussan, Alain and Sung, KCJ and Yam, Sheung Chi Phillip and Yung, Siu-Pang},
  journal={Journal of Optimization Theory and Applications},
  volume={169},
  pages={496--529},
  year={2016},
  publisher={Springer}
}

@article{chen2018steering,
  title={Steering the distribution of agents in mean-field games system},
  author={Chen, Yongxin and Georgiou, Tryphon T and Pavon, Michele},
  journal={Journal of Optimization Theory and Applications},
  volume={179},
  pages={332--357},
  year={2018},
  publisher={Springer}
}

@article{bunne2024optimal,
  title={Optimal transport for single-cell and spatial omics},
  author={Bunne, Charlotte and Schiebinger, Geoffrey and Krause, Andreas and Regev, Aviv and Cuturi, Marco},
  journal={Nature Reviews Methods Primers},
  volume={4},
  number={1},
  pages={58},
  year={2024},
  publisher={Nature Publishing Group UK London}
}

@article{bunne2023neural,
  title={Neural optimal transport predicts perturbation responses at the single-cell level},
  author={Bunne, Charlotte and R{\"a}tsch, Gunnar},
  journal={Nature Methods},
  year={2023},
  publisher={Nature}
}

@article{bunne2023learning,
  title={Learning single-cell perturbation responses using neural optimal transport},
  author={Bunne, Charlotte and Stark, Stefan G and Gut, Gabriele and Del Castillo, Jacobo Sarabia and Levesque, Mitch and Lehmann, Kjong-Van and Pelkmans, Lucas and Krause, Andreas and R{\"a}tsch, Gunnar},
  journal={Nature methods},
  volume={20},
  number={11},
  pages={1759--1768},
  year={2023},
  publisher={Nature Publishing Group US New York}
}


@book{boyd_convex_optimization,
  author    = {Boyd, Stephen  and Vandenberghe, Lieven },
  title     = {Convex Optimization},
  publisher = {Cambridge University Press},
  year      = {2004},
  address   = {Cambridge, UK},
  edition   = {1st},
  isbn      = {978-0521833783},
}

@article{heusel2017gans,
  title={Gans trained by a two time-scale update rule converge to a local nash equilibrium},
  author={Heusel, Martin and Ramsauer, Hubert and Unterthiner, Thomas and Nessler, Bernhard and Hochreiter, Sepp},
  journal={Advances in neural information processing systems},
  volume={30},
  year={2017}
}
